@article{
smpl,
	author={A. N. Onymous},
	title={This is a sample reference},
	journal={Sample Journal},
	volume={3},
	year = 2014,
	pages = {17-603}
}

@electronic{
cap_theorem,
  author        = "Royans Tharakan",
  title         = "Brewers CAP Theorem on distributed systems",
  url           = "http://www.royans.net/wp/2010/02/14/brewers-cap-theorem-on-distributed-systems/",
  month         = feb,
  year          = "2010"
}

@electronic{
cap_picture,
  author        = "Nathan Hurst",
  title         = "Visual Guide to NoSQL Systems",
  url           = "http://blog.nahurst.com/visual-guide-to-nosql-systems",
  month         = mar,
  year          = "2010"
}
